<?xml version="1.0" encoding="UTF-8"?><collection xmlns="http://www.loc.gov/MARC21/slim"><record><leader>00331nam--2200133-i-4500</leader><controlfield tag="001">000045284</controlfield><controlfield tag="002">20161230</controlfield><controlfield tag="005">20170306235046</controlfield><controlfield tag="008">060222s1000------------r-----000-0-eng-d</controlfield><datafield ind1=" " ind2=" " tag="245"><subfield code="a">Techniques of non-destructive testing</subfield></datafield><datafield ind1=" " ind2=" " tag="260"><subfield code="a">London</subfield><subfield code="b">Butterworths</subfield><subfield code="c">1960</subfield></datafield><datafield ind1=" " ind2=" " tag="700"><subfield code="a">Blitz, J</subfield></datafield><datafield ind1=" " ind2=" " tag="852"><subfield code="a">17067</subfield></datafield><datafield ind1=" " ind2=" " tag="CAT"><subfield code="a">SYS</subfield><subfield code="c">20170306</subfield><subfield code="h">235046</subfield></datafield></record></collection>